@electronic{google2013widget,
  title = "{{App Widget Design Guidelines}}",
  organization = "Android Open Source Project",
  url = "http://developer.android.com/guide/practices/ui_guidelines/widget_design.html",
  note = "Accessed 10/12/2013"
}

@electronic{google2013widgettemplates,
  title = "{{App Widget Templates Pack}}",
  organization = "Android Open Source Project",
  url = "http://developer.android.com/guide/practices/ui_guidelines/widget_design.html#templates",
  note = "Downloaded 7/12/2013, Apache 2 Licensed"
}

@electronic{google2013colour,
  title = "{{Colour}}",
  organization = "Android Open Source Project",
  url = "http://developer.android.com/design/style/color.html",
  note = "Accessed 10/12/2013"
}
